
@article{Tononi1994,
    author    = "Tononi, G. and Sporns, O. and Edelman, G. M.",
    title     = "A {M}easure for {B}rain {C}omplexity: {R}elating {F}unctional {S}egregation and {I}ntegration in the {N}ervous {S}ystem",
    journal   = "Proceedings of the National Academy of Sciences",
    volume   = "91",
    number   = "11",
    pages    = "5033–5037",
    year      = "1994",
}

@article{Mora2012,
    author    = "Mora, F. and Segovia, G. and del Arco, A. and de Blas, M., & Garrido, P.",
    title     = "Stress, {N}eurotransmitters, {C}orticosterone and {B}ody–{B}rain {I}ntegration",
    journal   = "Brain Research",
    volume   = "1476",
    pages    = "71–85",
    year      = "2012",
}

@article{Sandberg2006,
    author    = "Sandberg, A. and Bostrom, N.",
    title     = "Converging {C}ognitive {E}nhancements",
    journal   = "Annals of the New York Academy of Sciences",
    volume   = "1093",
    number   = "1",
    pages    = "201-227",
    year      = "2006",
}

@article{Miller2003,
    author    = "George A. Miller",
    title     = "The {C}ognitive {R}evolution: {A} {H}istorical {P}erspective",
    journal   = "TRENDS in Cognitive Sciences",
    volume   = "7",
    number   = "3",
    pages    = "141-144",
    year      = "2003",
    %month    = "",
    %note     = "",
}


@article{Panait2005,
    author    = "Panait, L. and Luke, S. ",
    title     = "Cooperative {M}ulti-{A}gent {L}earning: The {S}tate of the {A}rt",
    journal   = "Autonomous Agents and Multi-Agent Systems",
    volume   = "11",
    number   = "3",
    pages    = "387–434",
    year      = "2005"
}
    
@book{Uexkull1909,
    author    = "Von Uexküll, Jakob",
    title     = "Umwelt und Innenwelt der Tiere",
    publisher = "Springer",
    year      = "1909",
    %note     = "",
}

@book{Epstein1996,
    author    = "Epstein, Joshua M. and Robert Axtell",
    title     = "Growing {A}rtificial {S}ocieties: {S}ocial {S}cience from the {B}ottom up",
    publisher = "Brookings Institution Press",
    year      = "1996",
    %note     = "",
}

@book{Downey2012,
    author    = "Downey, A. B.",
    title     = "Think {C}omplexity: {C}omplexity {S}cience and {C}omputational {M}odeling",
    publisher = "O'Reilly",
    year      = "2012",
    %note     = "",
}

@book{Maturana1980,
  title="Autopoiesis and {C}ognition: {T}he {R}ealization of the {L}iving",
  author="Maturana, H.R. and Varela, F.J.",
  year="1980",
  publisher="Springer"
}

@article{Flentge2001,
  title={Modelling the {E}mergence of {P}ossession {N}orms {U}sing {M}emes},
  author={Flentge, Felix and Polani, Daniel and Uthmann, Thomas},
  journal={Journal of Artificial Societies and Social Simulation},
  volume={4},
  number={4},
  year={2001}
}

@article{Buzing2005,
  title={Emerging {C}ommunication and {C}ooperation in {E}volving {A}gent {S}ocieties},
  author={Buzing, PC and Eiben, AE and Schut, Martijn C},
  journal={Journal of Artificial Societies and Social Simulation},
  volume={8},
  number={1},
  year={2005}
}
%%%%%%%%%%%%%%%%%%%%%%%%%%%%%%
%%%%%%%%%%%%%%%%%%%%%%%%%%%%%%

@article{Xarticle,
    author    = "",
    title     = "",
    journal   = "",
    volume   = "",
    number   = "",
    pages    = "",
    year      = "XXXX",
    %note     = ""
}


@book{Xbook,
    author    = "",
    title     = "",
    publisher = "",
    %volume   = "",
    %number   = "",
    %series   = "",
    %address  = "",
    %edition  = "",
    year      = "XXXX",
    %note     = "",
}
